@article{arslan2019,
  author = {Ruben C. Arslan},
  title ={How to Automatically Document Data With the codebook Package to Facilitate Data Reuse},
  journal = {Advances in Methods and Practices in Psychological Science},
  volume = {2},
  number = {2},
  pages = {169-187},
  year = {2019},
  doi = {10.1177/2515245919838783}
}

@article{chambers2019,
  author = {Chris Chambers},
  title ={What's next for Registered Reports?},
  journal = {Nature},
  volume = {573},
  pages = {187-189},
  year = {2019},
  doi = {10.1038/d41586-019-02674-6}
}

@article{debruine2002,
  author = {Lisa M. DeBruine},
  title ={Facial resemblance enhances trust},
  journal = {Proceedings of the Royal Society of London. Series B: Biological Sciences},
  volume = {269},
  pages = {1307–1312},
  year = {2002},
  doi = {10.1098/rspb.2002.2034}
}

@article{dienes2019,
  author = {Zoltan Dienes},
  title ={How Do {I} Know What My Theory Predicts?},
  journal = {Advances in Methods and Practices in Psychological Science},
  volume = {2},
  number = {4},
  pages = {364-377},
  year = {2019},
  doi = {10.1177/2515245919876960}
}

@book{lakatos1978,
  author = {I. Lakatos},
  year = {1978},
  title = {The methodology of scientific research programmes: Volume 1: Philosophical papers.},
  publisher = {Cambridge University Press}
}

@article{lakens2018,
  author = {Daniël Lakens and Anne M. Scheel and Peder M. Isager},
  title ={Equivalence Testing for Psychological Research: A Tutorial},
  journal = {Advances in Methods and Practices in Psychological Science},
  volume = {1},
  number = {2},
  pages = {259-269},
  year = {2018},
  doi = {10.1177/2515245918770963}
}

@article{neyman1933,
  author = {Neyman, Jerzy  and Pearson, Egon Sharpe  and Pearson, Karl },
  title = {IX. On the problem of the most efficient tests of statistical hypotheses},
  journal = {Philosophical Transactions of the Royal Society of London. Series A, Containing Papers of a Mathematical or Physical Character},
  volume = {231},
  number = {694-706},
  pages = {289-337},
  year = {1933},
  doi = {10.1098/rsta.1933.0009}
}